@article{DBLP:journals/corr/SinghMD16,
	author    = {Anand Pratap Singh and
	Shivaji Medida and
	Karthik Duraisamy},
	title     = {Machine Learning-augmented Predictive Modeling of Turbulent Separated
	Flows over Airfoils},
	journal   = {CoRR},
	volume    = {abs/1608.03990},
	year      = {2016},
	url       = {http://arxiv.org/abs/1608.03990},
	archivePrefix = {arXiv},
	eprint    = {1608.03990},
	timestamp = {Mon, 13 Aug 2018 16:46:44 +0200},
	biburl    = {https://dblp.org/rec/bib/journals/corr/SinghMD16},
	bibsource = {dblp computer science bibliography, https://dblp.org}
}

@article{DBLP:journals/corr/abs-1710-11431,
	author    = {Anuj Karpatne and
	William Watkins and
	Jordan S. Read and
	Vipin Kumar},
	title     = {Physics-guided Neural Networks {(PGNN):} An Application in Lake Temperature
	Modeling},
	journal   = {CoRR},
	volume    = {abs/1710.11431},
	year      = {2017},
	url       = {http://arxiv.org/abs/1710.11431},
	archivePrefix = {arXiv},
	eprint    = {1710.11431},
	timestamp = {Wed, 31 Oct 2018 07:26:11 +0100},
	biburl    = {https://dblp.org/rec/bib/journals/corr/abs-1710-11431},
	bibsource = {dblp computer science bibliography, https://dblp.org}
}

@Book{NoceWrig06,
	Title                    = {Numerical Optimization},
	Author                   = {Jorge Nocedal and Stephen J. Wright},
	Publisher                = {Springer},
	Year                     = {2006},
	
	Address                  = {New York, NY, USA},
	Edition                  = {second}
}

@inproceedings{Lemarechal:2000:LR:647776.734757,
	author = {Lemarechal, Claude},
	title = {Lagrangian Relaxation},
	booktitle = {Computational Combinatorial Optimization, Optimal or Provably Near-Optimal Solutions [Based on a Spring School]},
	year = {2001},
	isbn = {3-540-42877-1},
	pages = {112--156},
	numpages = {45},
	url = {http://dl.acm.org/citation.cfm?id=647776.734757},
	acmid = {734757},
	publisher = {Springer-Verlag},
	address = {London, UK, UK},
} 

@article{DBLP:journals/corr/Ruder16,
	author    = {Sebastian Ruder},
	title     = {An overview of gradient descent optimization algorithms},
	journal   = {CoRR},
	volume    = {abs/1609.04747},
	year      = {2016},
	url       = {http://arxiv.org/abs/1609.04747},
	archivePrefix = {arXiv},
	eprint    = {1609.04747},
	timestamp = {Mon, 13 Aug 2018 16:48:10 +0200},
	biburl    = {https://dblp.org/rec/bib/journals/corr/Ruder16},
	bibsource = {dblp computer science bibliography, https://dblp.org}
}

@article{Yurkiewicz1985ConstrainedOA,
	title={Constrained optimization and Lagrange multiplier methods, by D. P. Bertsekas, Academic Press, New York, 1982, 395 pp. Price: \$65.00},
	author={Jack Yurkiewicz},
	journal={Networks},
	year={1985},
	volume={15},
	pages={138-140}
}

@inbook{Boyd:2004:CO:993483,
	author = {Boyd, Stephen and Vandenberghe, Lieven},
	title = {Convex Optimization},
	year = {2004},
	isbn = {0521833787},
	publisher = {Cambridge University Press},
	address = {New York, NY, USA},
	pages = {215-272},
} 


@misc{latex,
		title={the not so short introduction to LaTeX2U+03B5: or Latex2U+03B5 in
				 157 minutes},
    url={https://tobi.oetiker.ch/lshort/lshort.pdf},
		author={tobias oetiker}
}
		
